@misc{3dr-pixhawk,
	title = {{3DR Pixhawk}},
	author = {{3D Robotics}},
	year = {2015},
	howpublished = "\url{http://3drobotics.com/pixhawk/}"
}

@misc{3dr-tower,
	title = {{Tower (DroidPlanner 3)}},
	author = {{3D Robotics}},
	year = {2015},
	howpublished = "\url{https://play.google.com/store/apps/details?id=org.droidplanner.android}"
}

@misc{MPlanner,
	title = {{Mission Planner}},
	author = {{ArduPilot Community}},
	year = {2015},
	howpublished = "\url{http://planner.ardupilot.com/}"
}

@misc{MAVProxy,
	title = {MAVProxy},
	author = {{Andrew Tridgel}},
	year = {2011},
	howpublished = "\url{https://github.com/tridge/MAVProxy}"
}

@misc{MAVLink,
	title = {{MAVLink}},
	author = {{ArduPilot Community}},
	year = {2011},
	howpublished = "\url{https://github.com/mavlink/mavlink}"

}

@misc{ardupilot,
	title = {{ArduPilot}},
	author = {{DIY Drones team}},
	year = {2015},
	howpublished = "\url{http://ardupilot.com/}"
}

@misc{Tan,
	author = {{Jeremy Tan}},
	year = {{2015}},
	howpublished = "\url{https://github.com/jtanx/}"
}

@misc{Downing,
	author = {{Brett Downing}},
	year = {{2015}},
	howpublished = "\url{https://github.com/brettrd/}"
}

@misc{Mohanty,
	author = {{Manish Mohanty}},
	year = {{2015}},
	howpublished = "\url{https://github.com/manishmohanty09}"
}
@misc{Allen,
	author = {{Richard Allen}},
	year = {{2015}},
	howpublished = "\url{https://github.com/20739367}"
}

@misc{OConnor,
	author = {{R. OConnor}},
	title = {Developing A Multicopter Uav Platform To Carry Out Research Into Autonomous Behaviours, Using On-board Image Processing Techniques},
	year = {{2013}},
	howpublished = "\url{http://robotics.ee.uwa.edu.au/theses/2013-Multirotor-OConnor.pdf}"
	}

@misc{Venables,
	author = {{C. Venables}},
	title = {Multirotor Unmanned Aerial Vehicle Autonomous Operation in an Industrial Environment using On-board Image Processing},
	year = {{2013}},
	howpublished = "\url{http://robotics.ee.uwa.edu.au/theses/2013-Multirotor-Venables.pdf}"
	}

@misc{Baxter,
	author = {{M. Baxter}},
	title = {Autonomous Hexacopter Software Design},
	year = {{2014}},
	howpublished = "\url{http://robotics.ee.uwa.edu.au/theses/2014-Hexacopter-GPS-Baxter.pdf}"
	}

@misc{Mazur,
	author = {{A. Mazur}},
	title = {Autonomous operation and control of a Multirotor Unmanned Aerial Vehicle through 4G LTE using onboard GPS and image processing},
	year = {{2014}},
	howpublished = "\url{http://robotics.ee.uwa.edu.au/theses/2014-Hexacopter-Interface-Mazur.pdf}"
	}

@misc{Targhagh,
	author = {{O. Targhagh}},
	title = {Autonomous Navigation of Unmanned Aerial Vehicles},
	year = {{2014}},
	howpublished = "\url{http://robotics.ee.uwa.edu.au/theses/2014-Hexacopter-Navigation-Targhagh.pdf}"
}

@misc{OutbackChallenge,
	title = {UAV Ouback Challenge},
	howpublished = "\url{http://www.uavoutbackchallenge.com.au/}"
}

@misc{canberrauav,
	title = {Open Source Civilian UAV Development},
	author = {Chris Anderson},
	year = {2012},
	howpublished = "\url{http://canberrauav.org.au/}"
}

@misc{canberrauav-2012,
	title = {{CanberraUAV} ({ArduPlane}) wins {Outback Challenge}!},
	author = {Chris Anderson},
	year = {2012},
	howpublished = "\url{http://diydrones.com/profiles/blogs/canberrauav-arduplane-wins-outback-challenge}"
}

@misc{canberrauav-2014,
	title = {Congratulations {Canberra UAV}, stunning {Outback Challenge} win},
	author = {Gary Mortimer},
	year = {2014},
	howpublished = "\url{http://diydrones.com/profiles/blogs/congratulations-canberra-uav-stunning-outback-challenge-win}"
}
@misc{Tridge,
	title = {{2012 UAV Outback Challenge}},
	author = {{Andrew Tridgel}},
	address = {Make Hack Void, Canberra},
	organization = {CanberraUAV},
	year = {2013},
	howpublished = {{Personal discussion at Make-Hack-Void following Linux Conf Canberra}}
}

@misc{Lily,
	title = {{Lily - The Camera That Follows You}},
	year = {2015},
	howpublished = "\url{https://www.lily.camera/}"
}

@misc{AirDog,
	title = {{Auto-Follow Drone for GoPro Camera}},
	year = {2015},
	howpublished = "\url{https://www.airdog.com/}"
}

@misc{RopeAccess,
	title = {{UAV Inspection}},
	year = {2015},
	howpublished = "\url{http://www.ropeaccess-wa.com/unmanned-aerial-vehicle-inspection/}"
}

@misc{DIYDrones,
	title = {{DIY Drones Online Community}},
	howpublished = "\url{http://diydrones.com/}"
}
@misc{RCGroups,
	title = {{RC-Groups online community}},
	howpublished = "\url{http://www.rcgroups.com/}"
}

@manual{manNAZA,
	title = {{DJI NAZA lite user manual}},
	year = {2013},
	howpublished = "\url{http://download.dji-innovations.com/downloads/naza-m%20lite/en/NAZA-M%20LITE_User_Manual_v2.00_en.pdf}"
}

@misc{NAZArev,
 	title = {{DJI NAZA GPS communication protocol - NazaDecoder Arduino library}},
 	author = {{RC-Groups online community}},
 	year = {2013},
 	howpublished = "\url{http://www.rcgroups.com/forums/showthread.php?t=1995704}"
 }

 @misc{ServoBlaster,
 	title = {{ServoBlaster source code}},
 	howpublished = "\url{https://github.com/richardghirst/PiBits/tree/master/ServoBlaster}"
 }

@article{InsectFlowMethods,
	title = {{A contribution to vision-based autonomous helicopter flight in urban environments}},
	year = {2004},
	author = {Murateta , Laurent and Doncieuxa , Stephane and Briereb , Yves and Meyera, Jean-Arcady },
	journal = {Robotics and Autonomous Systems},
	volume = {50},
	month = {March},
	pages =  {195â€“209}
}

@article{stereoUnc,
	title = {{Error modeling in stereo navigation}},
	year = {1987},
	author = {Matthies, L. and Shafer, S.A.},
	journal = {IEEE Journal Of Robotics And Automation},
	volume = {3},
	month = {June},
	pages = {239-248}
}

@InProceedings{TrilatUnderwater,
	author = {Bahr, Alexander and Leonard, John J.},
	booktitle = {{3rd European Conference on Mobile Robots (ECMR)}},
	details = {http://infoscience.epfl.ch/record/134044},
	documenturl  = {http://infoscience.epfl.ch/record/134044/files/ECMR2007.pdf},
	keywords = {Trilateration; Cooperative Navigation ; Mobile Robots;
	Uncertain Landmarks},
	location = {Freiburg, Germany},
	oai-id = {oai:infoscience.epfl.ch:134044},
	oai-set = {conf},
	pages = {48--53},
	title = {{Minimizing Trilateration Errors in the Presence of Uncertain Landmark Positions}},
	year = {2007},
	url = {http://mercator.csail.mit.edu/~abahr/publications/publications_ECMR2007_detail.htm}
}


@inproceedings{CovarNoCorrel,
	author={Julier, S.J. and Uhlmann, J.K.},
	booktitle={American Control Conference, 1997. Proceedings of the 1997},
	title={A non-divergent estimation algorithm in the presence of unknown correlations},
	year={1997},
	volume={4},
	pages={2369-2373 vol.4},
	keywords={filtering theory;sensor fusion;state estimation;covariance intersection algorithm;cross-correlation;data fusion algorithm;nondivergent estimation algorithm;random variables;unknown correlations;Covariance matrix;Information filtering;Information filters;Predictive models;Random variables;Sensor fusion;Sensor systems;State estimation;Vehicles;Yield estimation},
	doi={10.1109/ACC.1997.609105},
	ISSN={0743-1619},
	month={Jun},
}

@article{UncertainGeo,
	author={Durrant-Whyte, H.F.},
	journal={Robotics and Automation, IEEE Journal of},
	title={Uncertain geometry in robotics},
	year={1988},
	volume={4},
	number={1},
	pages={23-31},
	keywords={control system analysis;decision theory;geometry;robots;coordinate frames;geometric descriptions;robot system;uncertain geometry;uncertainty;Computational geometry;Manipulators;Measurement uncertainty;Motion analysis;Motion planning;Robot kinematics;Robot sensing systems;Robotics and automation;Service robots;Solid modeling},
	doi={10.1109/56.768},
	ISSN={0882-4967},
	month={Feb},
}

@article{monoslam,
	author={Davison, A.J. and Reid, I.D. and Molton, N.D. and Stasse, O.},
	journal={Pattern Analysis and Machine Intelligence, IEEE Transactions on},
	title={MonoSLAM: Real-Time Single Camera SLAM},
	year={2007},
	volume={29},
	number={6},
	pages={1052-1067},
	keywords={SLAM (robots);feature extraction;humanoid robots;image sensors;3D trajectory;MonoSLAM;feature orientation estimation;humanoid robot;monocular camera;real-time single camera SLAM;Cameras;Hardware;Layout;Mobile robots;Motion estimation;Motion measurement;Real time systems;Robot vision systems;Robustness;Simultaneous localization and mapping;3D/stereo scene analysis;Autonomous vehicles;tracking.;Algorithms;Artificial Intelligence;Computer Systems;Image Enhancement;Image Interpretation, Computer-Assisted;Imaging, Three-Dimensional;Information Storage and Retrieval;Numerical Analysis, Computer-Assisted;Pattern Recognition, Automated;Photogrammetry;Signal Processing, Computer-Assisted;Video Recording},
	doi={10.1109/TPAMI.2007.1049},
	ISSN={0162-8828},
	month={June},
}

@inproceedings{optoAlt,
title = {{A robotic aircraft that follows terrain using a neuromorphic eye}},
year = {2002},
booktitle = {IEEE/RSJ International Conference on Intelligent Robots and Systems},
author = {Netter, Thomas and Franceschini, Nicolas}
}

@inproceedings{OptoFlowStab,
	author={Hyon Lim and Hyeonbeom Lee and Kim, H.J.},
	booktitle={Intelligent Robots and Systems (IROS), 2012 IEEE/RSJ International Conference on},
	title={Onboard flight control of a micro quadrotor using single strapdown optical flow sensor},
	year={2012},
	pages={495-500},
	keywords={aircraft control;image sensors;image sequences;microprocessor chips;8-bit microprocessor;autonomous onboard hovering flight control;desktop mice;ground-truth data;high-accuracy motion capture system;micro quadrotor;single strapdown optical flow sensor;single-chip optical flow sensor;Adaptive optics;Nonlinear optics;Optical imaging;Optical sensors;Optical switches;Optical transmitters;Optical variables measurement},
	doi={10.1109/IROS.2012.6386045},
	ISSN={2153-0858},
	month={Oct},
}

@INPROCEEDINGS{SLAMgraph,
	author={Eade, E. and Drummond, Tom},
	booktitle={Computer Vision, 2007. ICCV 2007. IEEE 11th International Conference on},
	title={Monocular SLAM as a Graph of Coalesced Observations},
	year={2007},
	pages={1-8},
	keywords={SLAM (robots);graph theory;robot vision;coalesced observations graph;global graph optimization;monocular SLAM;Cameras;Coordinate measuring machines;Particle filters;Real time systems;Recursive estimation;Robot kinematics;Simultaneous localization and mapping;State estimation;Uncertainty;Yield estimation},
	doi={10.1109/ICCV.2007.4409098},
	ISSN={1550-5499},
	month={Oct},
}


@INPROCEEDINGS{airshipSLAM,
	author={Sunderhauf, N. and Lange, S. and Protzel, P.},
	booktitle={Safety, Security and Rescue Robotics, 2007. SSRR 2007. IEEE International Workshop on},
	title={Using the Unscented Kalman Filter in Mono-SLAM with Inverse Depth Parametrization for Autonomous Airship Control},
	year={2007},
	pages={1-6},
	keywords={Kalman filters;SLAM (robots);aerospace robotics;aircraft control;mobile robots;remotely operated vehicles;robot vision;UAV control;autonomous airship control;bearing-only SLAM;inverse depth parametrization;mono-SLAM;monocular vision;undelayed single-hypothesis landmark initialization;unscented Kalman filter;Acceleration;Cameras;Fires;Global Positioning System;Optical receivers;Optical sensors;Remotely operated vehicles;Robots;Simultaneous localization and mapping;Unmanned aerial vehicles;Unscented Kalman Filter;airship;monocular SLAM},
	doi={10.1109/SSRR.2007.4381265},
	month={Sept},
}

@mastersthesis{RemTerrain,
title = {Remote Terrain Navigation For Unmanned Air Vehicles},
author = {Stephen Griffiths},
school = {Brigham Young University},
year = {2006}	
}

@misc{FlowRot,
    author = {Jonghyuk Kim and Galen Brambley},
    title = {Dual Optic-flow Integrated Navigation for Small-scale Flying Robots},
    year = {}
}

@misc{ArduFlow,
	title = {Documentation for the installation of optical flow sensors on the Ardupilot},
	howpublished = "\url{http://copter.ardupilot.com/wiki/common-optional-hardware/common-optical-flow-sensors-landingpage/common-mouse-based-optical-flow-sensor-adns3080/}"
}